@article{ABS,
author = {Azad, H. and Barry, M. and Seitz, G.},
title = {On the structure of parabolic subgroups},
journal = {Comm. Algebra},
pages = {551-562},
volume = {18},
number = {2},
year = {1990},
doi = {10.1080/00927879008823931}}

@article{Dy72,
title={Semisimple subalgebras of semisimple Lie algebras},
author={Dynkin, E.~B.},
journal={Amer. Math. Soc. Transl.},
volume={6},
pages={111--244},
year={1957}}

@article{EO,
title = {Stable range in commutative rings},
author = {Estes, D.~R. and Ohm, J.},
journal = {J.~Algebra},
year = {1967},
pages = {343---362},
volume = {7},
number = {3},
doi = {10.1016/0021-8693(67)90075-0}}

@article{LSM,
author = {Lenstra Jr., H.~W.  and Stevenhagen, P. and Moree, P.},
title = {Character sums for primitive root densities},
journal = {Math. Proc. Cambridge Phil. Soc.},
volume = {157},
number = {3},
month = {11},
year = {2014},
pages = {489--511},
doi = {10.1017/S0305004114000450}}

@article{LNS11,
title={Groups of {L}ie type as products of {$\SL_2$} subgroups},
author={Liebeck, M. and Nikolov, N. and Shalev, A.},
journal={J.~Algebra},
volume={326},
number={1},
pages={201--207},
year={2011},
publisher={Elsevier},
doi={doi:10.1016/j.jalgebra.2008.12.030}}

@Article{Ma69,
title = {Sur les sous-groupes arithmetiques des groupes semi-simple deployes},
author = {Matsumoto, H.},
journal = {Ann. Sci. ENS},
year = {1969},
number = {1},
pages = {1--62},
volume = {2},
url = {http://eudml.org/doc/81843}}

@article{MKV,
author = {Magurn, B.~A. and van der Kallen, W. and Vaserstein, L.~N.},
title = {Absolute stable rank and Witt cancellation for noncommutative rings},
journal = {Invent. Math.},
year = {1988},
number = {3},
pages = {525--542},
volume = {91},
doi = {10.1007/BF01388785}}

@article{Nik07,
title={A product decomposition for the classical quasisimple groups},
author={Nikolov, N.},
journal={J.~Group Theory},
volume={10},
number={1},
pages={43--53},
year={2007},
doi={10.1515/JGT.2007.005}}

@article{Si13,
author = {S.~Sinchuk},
doi = {http://dx.doi.org/10.1017/is013001028jkt211},
title = {Injective stability for unitary $\mathrm{K}_1$, revisited.},
journal = {J. $\K$-Theory},
volume = {11},
year = {2013},
pages = {233-242}}

@article{St78,
title = {Stability theorems for $\K_1$, $\K_2$ and related functors modeled on Chevalley groups},
author = {Stein, M.~R.},
journal = {Japan J.~Math.},
volume = {4},
number = {1},
year = {1978},
pages = {77--108},
doi = {10.4099/math1924.4.77}}

@article{S,
author = {Stepanov, A.},
title = {Elementary calculus in Chevalley groups over rings},
journal = {J.~Prime Res. Math.},
volume = {9},
year = {2013},
pages = {79--95},
url = {http://www.sms.edu.pk/journals/jprm/jprmvol9/08.pdf}}

@article{Sm12,
title={Gauss decomposition for {C}hevalley groups, revisited},
author={Smolensky, A. and Sury, B. and Vavilov, N.~A.},
journal={Int. J.~Group Theory},
volume={1},
number={1},
pages={3--16},
year={2012},
url={http://www.theoryofgroups.ir/pdf_467_05f124c20f62a8f21e87d93a386d75b7.html}}

@thesis{TavgenThesis,
author = {Tavgen, O.~I.},
title = {Combinatorial methods in the theory of linear and arithmetic groups},
type = {Habilitation thesis},
institution = {Institute of Mathematics of Belarus Academy of Science},
url ={http://dlib.rsl.ru/viewer/01000761732},
date = {1993}}

@article{Tavgen91,
title={Bounded generation of {C}hevalley groups over rings of algebraic $S$-integers},
author={Tavgen, O.~I.},
journal={Math. USSR Izv.},
volume={36},
number={1},
pages={101--128},
year={1991},
doi={10.1070/IM1991v036n01ABEH001950}}

@article{Tits76,
title={Systemes g{\'e}n{\'e}rateurs de groupes de congruence},
author={Tits, J.},
journal={C. R. Acad. Sci. S{\'e}r. A},
volume={283},
number={9},
pages={693--695},
year={1976},
url={http://www.ams.org/mathscinet-getitem?mr=424966}}

@article{Va69,
author = {Vaserstein, L.~N.},
title = {On the stabilization of the general linear group over a ring},
doi = {10.1070/SM1969v008n03ABEH001279},
volume = {8},
number = {3},
journal = {Math. USSR Sb.},
pages = {405--424},
year = {1969}}

@article{Va71,
year={1971},
journal={Funct. Anal. Appl.},
volume={5},
number={2},
doi={10.1007/BF01076414},
title={Stable rank of rings and dimensionality of topological spaces},
author={Vaserstein, L.~N.},
pages={102-110}}

@article{VasSR1,
title={Bass's first stable range condition},
author={Vaserstein, L.~N.},
journal={J.~Pure Appl. Algebra},
volume={34},
number={2},
pages={319--330},
year={1984},
doi = {10.1016/0022-4049(84)90044-6}}

@article{Va86,
author = {Vaserstein, L.~N.},
title = {On normal subgroups of Chevalley groups over commutative rings},
journal = {Tohoku Math.~J.},
volume = {38},
number = {2},
pages = {219--230},
year = {1986},
doi = {10.2748/tmj/1178228489}}

@article{VavSmSuUnitrEng,
year={2012},
journal={J.~Math. Sci.},
volume={183},
number={5},
title={Unitriangular factorizations of {C}hevalley groups},
author={Vavilov, N.~A. and Smolensky, A.~V. and Sury, B.},
pages={584-599},
doi={10.1007/s10958-012-0826-z}}

@article{VP,
year={1996},
journal={Acta Appl. Math.},
volume={45},
number={1},
doi={10.1007/BF00047884},
title={Chevalley groups over commutative rings: I. Elementary calculations},
author = {Vavilov, N.~A. and Plotkin, E.},
pages={73--113}}

@article{PSV98,
author = {Plotkin, E. and Semenov, A. and Vavilov, N.~A.},
title = {Visual Basic Representations: An Atlas},
journal = {Int. J.~Algebra Comput.},
year = {1998},
volume = {8},
pages = {61--95},
doi = {10.1142/S0218196798000053}}

@article{V08,
year = {2008},
doi = {10.1090/S1061-0022-08-01008-X},
author = {Vavilov, N.~A.},
volume = {19},
pages = {519--543},
journal = {St. Petersburg Math. J.},
title = {Can one see the signs of the structure constants?}}

@article{V13,
title = {$\SL_2$-factorisations of {C}hevalley groups},
author = {Vavilov, N.~A. and Kovach, E.~I.},
journal = {J.~Math. Sci.},
year = {2013},
number = {5},
pages = {483-489},
volume = {188},
doi = {10.1007/s10958-013-1145-8}}

@article{VseUnitrZ1p,
title={Short unitriangular factorizations of {$\SL_2(\mathbb{Z}[1/p])$}},
author={Vsemirnov, M.},
journal={Quarterly J.~Math.},
pages={279-290},
year={2013},
volume = {65},
number = {1},
doi={10.1093/qmath/has044}}